[gd_scene load_steps=9 format=3 uid="uid://bprxc5qlnujpa"]

[ext_resource type="Texture2D" uid="uid://d36fgfvstdy3u" path="res://assets/shop/StatsPanel.png" id="1_tlxwu"]
[ext_resource type="Script" path="res://scenes/menu/credits.gd" id="1_w6idp"]
[ext_resource type="Theme" uid="uid://n4ef4spv0hs6" path="res://scenes/shop/ui-theme.tres" id="2_b40wn"]

[sub_resource type="StyleBoxFlat" id="StyleBoxFlat_a1oty"]
bg_color = Color(0.1, 0.1, 0.1, 0.411765)

[sub_resource type="StyleBoxTexture" id="StyleBoxTexture_j3eis"]
texture = ExtResource("1_tlxwu")

[sub_resource type="Animation" id="Animation_7nqa0"]
resource_name = "fly_in"
tracks/0/type = "value"
tracks/0/imported = false
tracks/0/enabled = true
tracks/0/path = NodePath("MarginContainer:position")
tracks/0/interp = 2
tracks/0/loop_wrap = true
tracks/0/keys = {
"times": PackedFloat32Array(0, 1),
"transitions": PackedFloat32Array(1, 1),
"update": 0,
"values": [Vector2(0, -707.34), Vector2(0, 0)]
}
tracks/1/type = "value"
tracks/1/imported = false
tracks/1/enabled = true
tracks/1/path = NodePath("Panel:modulate")
tracks/1/interp = 2
tracks/1/loop_wrap = true
tracks/1/keys = {
"times": PackedFloat32Array(0, 0.5),
"transitions": PackedFloat32Array(1, 1),
"update": 0,
"values": [Color(1, 1, 1, 0), Color(1, 1, 1, 1)]
}

[sub_resource type="Animation" id="Animation_1d78m"]
resource_name = "fly_out"
tracks/0/type = "value"
tracks/0/imported = false
tracks/0/enabled = true
tracks/0/path = NodePath("MarginContainer:position")
tracks/0/interp = 2
tracks/0/loop_wrap = true
tracks/0/keys = {
"times": PackedFloat32Array(0, 1),
"transitions": PackedFloat32Array(1, 1),
"update": 0,
"values": [Vector2(0, 0), Vector2(0, -707.34)]
}
tracks/1/type = "value"
tracks/1/imported = false
tracks/1/enabled = true
tracks/1/path = NodePath("Panel:modulate")
tracks/1/interp = 1
tracks/1/loop_wrap = true
tracks/1/keys = {
"times": PackedFloat32Array(0.5, 1),
"transitions": PackedFloat32Array(1, 1),
"update": 0,
"values": [Color(1, 1, 1, 1), Color(1, 1, 1, 0)]
}

[sub_resource type="AnimationLibrary" id="AnimationLibrary_i0qfi"]
_data = {
"fly_in": SubResource("Animation_7nqa0"),
"fly_out": SubResource("Animation_1d78m")
}

[node name="Credits" type="Node2D"]
texture_filter = 1
script = ExtResource("1_w6idp")

[node name="Panel" type="Panel" parent="."]
modulate = Color(1, 1, 1, 0)
offset_right = 1152.0
offset_bottom = 648.0
theme_override_styles/panel = SubResource("StyleBoxFlat_a1oty")

[node name="MarginContainer" type="MarginContainer" parent="."]
offset_right = 1152.0
offset_bottom = 648.0
theme_override_constants/margin_left = 355
theme_override_constants/margin_top = 100
theme_override_constants/margin_right = 380
theme_override_constants/margin_bottom = 100

[node name="Panel" type="PanelContainer" parent="MarginContainer"]
layout_mode = 2
theme_override_styles/panel = SubResource("StyleBoxTexture_j3eis")

[node name="MarginContainer" type="MarginContainer" parent="MarginContainer/Panel"]
layout_mode = 2
theme_override_constants/margin_left = 40
theme_override_constants/margin_top = 25
theme_override_constants/margin_right = 40
theme_override_constants/margin_bottom = 25

[node name="PoorTextLabel" type="Label" parent="MarginContainer/Panel/MarginContainer"]
layout_mode = 2
theme = ExtResource("2_b40wn")
theme_override_font_sizes/font_size = 35
text = "made by the team of
Juoksentelisimmekohankaan? 
for gamejamfit 2024
consisting of:
lukas hozda - dev
dawid kubis - dev
kacka zuskova - texture
adam sedlacek - 3d models
ama engelmaierova - texture
oliver karvay - UI"
horizontal_alignment = 1
vertical_alignment = 1

[node name="AnimationPlayer" type="AnimationPlayer" parent="."]
libraries = {
"": SubResource("AnimationLibrary_i0qfi")
}

[connection signal="animation_finished" from="AnimationPlayer" to="." method="_on_animation_player_animation_finished"]
