[gd_scene load_steps=21 format=3 uid="uid://cu6kk2sneou67"]

[ext_resource type="Theme" uid="uid://n4ef4spv0hs6" path="res://scenes/shop/ui-theme.tres" id="1_a4uhp"]
[ext_resource type="Script" path="res://scenes/menu/main_menu.gd" id="1_r0bkb"]
[ext_resource type="Texture2D" uid="uid://bgpqn22bfvu2o" path="res://assets/menu/PlayButton1.png" id="2_a1r67"]
[ext_resource type="Texture2D" uid="uid://iuc31erl3w83" path="res://assets/menu/MenuButton1.png" id="2_c3yno"]
[ext_resource type="Texture2D" uid="uid://dr8sya3nss7b4" path="res://assets/menu/MenuButton2.png" id="3_pp8dv"]
[ext_resource type="Texture2D" uid="uid://nttabs1qgwfr" path="res://assets/menu/PlayButton2.png" id="3_thl5k"]
[ext_resource type="Texture2D" uid="uid://b25joidndn7ua" path="res://assets/menu/MenuButton3.png" id="4_k2pkx"]
[ext_resource type="Texture2D" uid="uid://dw40vbl0xc7ff" path="res://assets/menu/PlayButton3.png" id="4_k4173"]
[ext_resource type="Texture2D" uid="uid://ivbm8afjug3d" path="res://assets/menu/logo2.png" id="9_d51vp"]
[ext_resource type="PackedScene" uid="uid://l4416ed7agqi" path="res://scenes/fade_module_black.tscn" id="10_66hsr"]

[sub_resource type="StyleBoxFlat" id="StyleBoxFlat_gby2k"]
bg_color = Color(0.1, 0.1, 0.1, 1)

[sub_resource type="StyleBoxTexture" id="StyleBoxTexture_urtpq"]
texture = ExtResource("2_a1r67")

[sub_resource type="StyleBoxTexture" id="StyleBoxTexture_yx7bn"]
texture = ExtResource("3_thl5k")

[sub_resource type="StyleBoxTexture" id="StyleBoxTexture_c323v"]
texture = ExtResource("4_k4173")

[sub_resource type="StyleBoxTexture" id="StyleBoxTexture_5m7ix"]
texture = ExtResource("4_k4173")

[sub_resource type="StyleBoxEmpty" id="StyleBoxEmpty_o1kby"]

[sub_resource type="StyleBoxTexture" id="StyleBoxTexture_rdavk"]
texture = ExtResource("2_c3yno")

[sub_resource type="StyleBoxTexture" id="StyleBoxTexture_3u1xx"]
texture = ExtResource("3_pp8dv")

[sub_resource type="StyleBoxTexture" id="StyleBoxTexture_s6t64"]
texture = ExtResource("4_k2pkx")

[sub_resource type="StyleBoxEmpty" id="StyleBoxEmpty_ya3um"]

[node name="Menu" type="Node2D"]
texture_filter = 1
script = ExtResource("1_r0bkb")

[node name="Background" type="Panel" parent="."]
offset_right = 1152.0
offset_bottom = 648.0
theme_override_styles/panel = SubResource("StyleBoxFlat_gby2k")

[node name="MarginContainer" type="MarginContainer" parent="."]
offset_right = 1152.0
offset_bottom = 648.0
theme_override_constants/margin_left = 80
theme_override_constants/margin_top = 100
theme_override_constants/margin_right = 80
theme_override_constants/margin_bottom = 100

[node name="LogoSplit" type="HBoxContainer" parent="MarginContainer"]
layout_mode = 2
theme_override_constants/separation = 40

[node name="ButtonSplit" type="VBoxContainer" parent="MarginContainer/LogoSplit"]
layout_mode = 2
size_flags_horizontal = 3
theme_override_constants/separation = 15

[node name="PlayButton" type="Button" parent="MarginContainer/LogoSplit/ButtonSplit"]
layout_mode = 2
size_flags_vertical = 3
size_flags_stretch_ratio = 2.51
focus_mode = 0
theme = ExtResource("1_a4uhp")
theme_override_font_sizes/font_size = 125
theme_override_styles/normal = SubResource("StyleBoxTexture_urtpq")
theme_override_styles/hover = SubResource("StyleBoxTexture_yx7bn")
theme_override_styles/pressed = SubResource("StyleBoxTexture_c323v")
theme_override_styles/disabled = SubResource("StyleBoxTexture_5m7ix")
theme_override_styles/focus = SubResource("StyleBoxEmpty_o1kby")
text = "play"

[node name="CreditButton" type="Button" parent="MarginContainer/LogoSplit/ButtonSplit"]
layout_mode = 2
size_flags_vertical = 3
focus_mode = 0
theme = ExtResource("1_a4uhp")
theme_override_font_sizes/font_size = 70
theme_override_styles/normal = SubResource("StyleBoxTexture_rdavk")
theme_override_styles/hover = SubResource("StyleBoxTexture_3u1xx")
theme_override_styles/pressed = SubResource("StyleBoxTexture_s6t64")
theme_override_styles/disabled = SubResource("StyleBoxTexture_s6t64")
theme_override_styles/focus = SubResource("StyleBoxEmpty_ya3um")
text = "cReDiTs"

[node name="QuitButton" type="Button" parent="MarginContainer/LogoSplit/ButtonSplit"]
layout_mode = 2
size_flags_vertical = 3
focus_mode = 0
theme = ExtResource("1_a4uhp")
theme_override_font_sizes/font_size = 70
theme_override_styles/normal = SubResource("StyleBoxTexture_rdavk")
theme_override_styles/hover = SubResource("StyleBoxTexture_3u1xx")
theme_override_styles/pressed = SubResource("StyleBoxTexture_s6t64")
theme_override_styles/disabled = SubResource("StyleBoxTexture_s6t64")
theme_override_styles/focus = SubResource("StyleBoxEmpty_ya3um")
text = "qUiT gAmE"

[node name="Logo" type="TextureRect" parent="MarginContainer/LogoSplit"]
layout_mode = 2
size_flags_horizontal = 3
texture = ExtResource("9_d51vp")
stretch_mode = 5

[node name="FadeModuleBlack" parent="." instance=ExtResource("10_66hsr")]

[connection signal="pressed" from="MarginContainer/LogoSplit/ButtonSplit/PlayButton" to="." method="_on_play_button_pressed"]
[connection signal="pressed" from="MarginContainer/LogoSplit/ButtonSplit/CreditButton" to="." method="_on_credit_button_pressed"]
[connection signal="pressed" from="MarginContainer/LogoSplit/ButtonSplit/QuitButton" to="." method="_on_quit_button_pressed"]
